<?xml version="1.0" encoding="UTF-8"?>
<OAI-PMH xmlns="http://www.openarchives.org/OAI/2.0/" xmlns:xsi="http://www.w3.org/2001/XMLSchema-instance" xsi:schemaLocation="http://www.openarchives.org/OAI/2.0/ http://www.openarchives.org/OAI/2.0/OAI-PMH.xsd">
  <ListRecords>
    <record>
      <header>
        <identifier>aleph-publish:005430177</identifier>
      </header>
      <metadata>
        <record xmlns="http://www.ddb.de/professionell/mabxml/mabxml-1.xsd">
          <leader>00000nM2.01200024------h</leader>
          <controlfield tag="LDR">00000nM2.01200024------h</controlfield>
          <controlfield tag="FMT">MH</controlfield>
          <datafield tag="001" ind1="-" ind2="1">
            <subfield code="a">HT003176544</subfield>
          </datafield>
          <datafield tag="002" ind1="a" ind2="1">
            <subfield code="a">19991118</subfield>
          </datafield>
          <datafield tag="003" ind1="-" ind2="1">
            <subfield code="a">20220903045827</subfield>
          </datafield>
          <datafield tag="020" ind1="a" ind2="1">
            <subfield code="a">133469-4</subfield>
            <subfield code="b">DNB</subfield>
          </datafield>
          <datafield tag="025" ind1="a" ind2="1">
            <subfield code="a">010772626</subfield>
          </datafield>
          <datafield tag="025" ind1="z" ind2="1">
            <subfield code="a">133469-4</subfield>
          </datafield>
          <datafield tag="025" ind1="o" ind2="1">
            <subfield code="a">183206499</subfield>
          </datafield>
          <datafield tag="026" ind1="-" ind2="1">
            <subfield code="a">ZDB133469-4</subfield>
          </datafield>
          <controlfield tag="030">a||u|||||||37</controlfield>
          <datafield tag="036" ind1="a" ind2="1">
            <subfield code="a">XA-DE</subfield>
          </datafield>
          <datafield tag="037" ind1="b" ind2="1">
            <subfield code="a">ger</subfield>
          </datafield>
          <controlfield tag="050">a|a|||||||||||</controlfield>
          <controlfield tag="052">p||||||t|||||||</controlfield>
          <datafield tag="060" ind1="-" ind2="1">
            <subfield code="b">txt</subfield>
            <subfield code="a">Text</subfield>
          </datafield>
          <datafield tag="061" ind1="-" ind2="1">
            <subfield code="b">n</subfield>
            <subfield code="a">ohne Hilfsmittel zu benutzen</subfield>
          </datafield>
          <datafield tag="062" ind1="-" ind2="1">
            <subfield code="b">nc</subfield>
            <subfield code="a">Band</subfield>
          </datafield>
          <datafield tag="064" ind1="a" ind2="1">
            <subfield code="a">Zeitschrift</subfield>
            <subfield code="9">(DE-588)4067488-5</subfield>
          </datafield>
          <datafield tag="070" ind1="-" ind2="1">
            <subfield code="a">9001</subfield>
          </datafield>
          <datafield tag="070" ind1="a" ind2="1">
            <subfield code="a">DNB</subfield>
          </datafield>
          <datafield tag="070" ind1="b" ind2="1">
            <subfield code="a">9999</subfield>
          </datafield>
          <datafield tag="085" ind1="x" ind2="1">
            <subfield code="r">Band 2, Reisegebiete in Berlin (West), Bremen, Hamburg, Nordrhein-Westfalen, Niedersachsen, Rheinland-Pfalz, Saarland, Schleswig-Holstein</subfield>
          </datafield>
          <datafield tag="331" ind1="-" ind2="1">
            <subfield code="a">Reisen in Deutschland</subfield>
          </datafield>
          <datafield tag="335" ind1="-" ind2="1">
            <subfield code="a">deutsches Handbuch für Fremdenverkehr</subfield>
          </datafield>
          <datafield tag="359" ind1="-" ind2="1">
            <subfield code="a">hrsg. im Auftrag des Deutschen Fremdenverkehrsverbandes e.V. Frankfurt/Main und in Zusammenarbeit mit dem Deutschen Bäderverband e.V</subfield>
          </datafield>
          <datafield tag="360" ind1="-" ind2="1">
            <subfield code="a">Band 2, Reisegebiete in Berlin (West), Bremen, Hamburg, Nordrhein-Westfalen, Niedersachsen, Rheinland-Pfalz, Saarland, Schleswig-Holstein</subfield>
          </datafield>
          <datafield tag="370" ind1="a" ind2="1">
            <subfield code="a">Reisen in Deutschland / 2</subfield>
          </datafield>
          <datafield tag="375" ind1="e" ind2="1">
            <subfield code="a">Bayern</subfield>
            <subfield code="f">Sachl. Benennung bis 25.1975</subfield>
          </datafield>
          <datafield tag="405" ind1="-" ind2="1">
            <subfield code="a">19.[1966] - 34.1984</subfield>
          </datafield>
          <datafield tag="406" ind1="a" ind2="1">
            <subfield code="d">19</subfield>
            <subfield code="j">1966</subfield>
            <subfield code="n">34</subfield>
            <subfield code="k">1984</subfield>
          </datafield>
          <datafield tag="419" ind1="-" ind2="1">
            <subfield code="a">Darmstadt</subfield>
            <subfield code="b">Jaeger</subfield>
            <subfield code="c">1966-1984</subfield>
            <subfield code="A">3</subfield>
          </datafield>
          <datafield tag="425" ind1="b" ind2="1">
            <subfield code="a">1966</subfield>
          </datafield>
          <datafield tag="425" ind1="c" ind2="1">
            <subfield code="a">1984</subfield>
          </datafield>
          <datafield tag="542" ind1="a" ind2="1">
            <subfield code="a">0171-5224</subfield>
          </datafield>
          <datafield tag="542" ind1="z" ind2="1">
            <subfield code="b">kart. (Pr. nicht mitget.)</subfield>
          </datafield>
          <datafield tag="574" ind1="-" ind2="1">
            <subfield code="a">86,A25,0785</subfield>
          </datafield>
          <datafield tag="700" ind1="-" ind2="1">
            <subfield code="a">910</subfield>
            <subfield code="2">ZDB</subfield>
          </datafield>
          <datafield tag="700" ind1="-" ind2="1">
            <subfield code="a">40</subfield>
            <subfield code="2">DNB</subfield>
          </datafield>
          <datafield tag="700" ind1="-" ind2="1">
            <subfield code="a">61</subfield>
            <subfield code="2">DNB</subfield>
          </datafield>
          <datafield tag="700" ind1="-" ind2="1">
            <subfield code="a">640</subfield>
            <subfield code="2">DNB</subfield>
          </datafield>
          <datafield tag="710" ind1="a" ind2="1">
            <subfield code="a">Hotel- und Gaststättengewerbe</subfield>
          </datafield>
          <datafield tag="710" ind1="d" ind2="1">
            <subfield code="a">Berlin</subfield>
          </datafield>
          <datafield tag="710" ind1="d" ind2="1">
            <subfield code="a">Berlin</subfield>
          </datafield>
          <datafield tag="710" ind1="d" ind2="1">
            <subfield code="a">Bremen</subfield>
          </datafield>
          <datafield tag="710" ind1="d" ind2="1">
            <subfield code="a">Bremen</subfield>
          </datafield>
          <datafield tag="710" ind1="d" ind2="1">
            <subfield code="a">Hamburg</subfield>
          </datafield>
          <datafield tag="710" ind1="d" ind2="1">
            <subfield code="a">Hamburg</subfield>
          </datafield>
          <datafield tag="710" ind1="d" ind2="1">
            <subfield code="a">Nordrhein-Westfalen</subfield>
          </datafield>
          <datafield tag="710" ind1="d" ind2="1">
            <subfield code="a">Nordrhein-Westfalen</subfield>
          </datafield>
          <datafield tag="710" ind1="d" ind2="1">
            <subfield code="a">Niedersachsen</subfield>
          </datafield>
          <datafield tag="710" ind1="d" ind2="1">
            <subfield code="a">Niedersachsen</subfield>
          </datafield>
          <datafield tag="710" ind1="d" ind2="1">
            <subfield code="a">Rheinland-Pfalz</subfield>
          </datafield>
          <datafield tag="710" ind1="d" ind2="1">
            <subfield code="a">Rheinland-Pfalz</subfield>
          </datafield>
          <datafield tag="710" ind1="d" ind2="1">
            <subfield code="a">Saarland</subfield>
          </datafield>
          <datafield tag="710" ind1="d" ind2="1">
            <subfield code="a">Saarland</subfield>
          </datafield>
          <datafield tag="710" ind1="d" ind2="1">
            <subfield code="a">Schleswig-Holstein</subfield>
          </datafield>
          <datafield tag="710" ind1="d" ind2="1">
            <subfield code="a">Schleswig-Holstein</subfield>
          </datafield>
          <datafield tag="780" ind1="-" ind2="1">
            <subfield code="i">Vorg.:</subfield>
            <subfield code="t">Deutsches Handbuch für Fremdenverkehr / 2</subfield>
            <subfield code="d">Darmstadt : Jaeger, 1951-1962</subfield>
            <subfield code="A">0</subfield>
            <subfield code="9">133444-X</subfield>
          </datafield>
          <datafield tag="780" ind1="-" ind2="1">
            <subfield code="i">Darin teils aufgeg.</subfield>
            <subfield code="t">Reisen in Deutschland / 4</subfield>
            <subfield code="d">Darmstadt : Jaeger, 1965-1975</subfield>
            <subfield code="x">0171-5283</subfield>
            <subfield code="A">0</subfield>
            <subfield code="9">133471-2</subfield>
          </datafield>
          <datafield tag="785" ind1="-" ind2="1">
            <subfield code="i">Forts.:</subfield>
            <subfield code="t">Reisen in Deutschland</subfield>
            <subfield code="d">Darmstadt : Reisen-in-Deutschland-Verl.-Ges., 1985-2002</subfield>
            <subfield code="x">0177-2953</subfield>
            <subfield code="A">0</subfield>
            <subfield code="9">133467-0</subfield>
          </datafield>
          <datafield tag="902" ind1="-" ind2="1">
            <subfield code="g">Deutschland</subfield>
            <subfield code="h">Bundesrepublik</subfield>
            <subfield code="9">(DE-588)4011889-7</subfield>
          </datafield>
          <datafield tag="902" ind1="-" ind2="1">
            <subfield code="s">Tourismus</subfield>
            <subfield code="9">(DE-588)4018406-7</subfield>
          </datafield>
          <datafield tag="902" ind1="-" ind2="1">
            <subfield code="s">Adressbuch</subfield>
            <subfield code="9">(DE-588)4141451-2</subfield>
          </datafield>
          <datafield tag="904" ind1="a" ind2="1">
            <subfield code="a">ZDB</subfield>
          </datafield>
          <controlfield tag="SYS">005430177</controlfield>
          <datafield tag="LOW" ind1="-" ind2="1">
            <subfield code="a">L0001</subfield>
          </datafield>
          <datafield tag="LOW" ind1="-" ind2="1">
            <subfield code="a">K0001</subfield>
          </datafield>
          <datafield tag="LOW" ind1="-" ind2="1">
            <subfield code="a">R0003</subfield>
          </datafield>
          <datafield tag="LOW" ind1="-" ind2="1">
            <subfield code="a">M1220</subfield>
          </datafield>
          <datafield tag="LOW" ind1="-" ind2="1">
            <subfield code="a">T0010</subfield>
          </datafield>
          <datafield tag="952" ind1="-" ind2="1">
            <subfield code="g">Alemanha</subfield>
            <subfield code="h">Deutschland, Bundesrepublik</subfield>
          </datafield>
          <datafield tag="952" ind1="-" ind2="1">
            <subfield code="g">Alemania</subfield>
            <subfield code="h">Deutschland, Bundesrepublik</subfield>
          </datafield>
          <datafield tag="952" ind1="-" ind2="1">
            <subfield code="g">Allemagne</subfield>
            <subfield code="h">Deutschland, Bundesrepublik</subfield>
          </datafield>
          <datafield tag="952" ind1="-" ind2="1">
            <subfield code="g">Almanija</subfield>
            <subfield code="h">Deutschland, Bundesrepublik</subfield>
          </datafield>
          <datafield tag="952" ind1="-" ind2="1">
            <subfield code="g">Almāniyā</subfield>
            <subfield code="h">Deutschland, Bundesrepublik</subfield>
          </datafield>
          <datafield tag="952" ind1="-" ind2="1">
            <subfield code="g">Bondsrepubliek Duitsland</subfield>
            <subfield code="h">Deutschland, Bundesrepublik</subfield>
          </datafield>
          <datafield tag="952" ind1="-" ind2="1">
            <subfield code="g">BRD</subfield>
          </datafield>
          <datafield tag="952" ind1="-" ind2="1">
            <subfield code="g">BRD</subfield>
            <subfield code="h">1949-1990</subfield>
          </datafield>
          <datafield tag="952" ind1="-" ind2="1">
            <subfield code="g">Bundesrepublik Deutschland</subfield>
            <subfield code="h">1949-1990</subfield>
          </datafield>
          <datafield tag="952" ind1="-" ind2="1">
            <subfield code="g">Deutschland</subfield>
            <subfield code="h">1949-1990, Bundesrepublik</subfield>
          </datafield>
          <datafield tag="952" ind1="-" ind2="1">
            <subfield code="g">Deutschland</subfield>
            <subfield code="x">Bundesrepublik</subfield>
            <subfield code="h">1949-1990</subfield>
          </datafield>
          <datafield tag="952" ind1="-" ind2="1">
            <subfield code="g">Federal Republic of Germany</subfield>
            <subfield code="h">Deutschland, Bundesrepublik</subfield>
          </datafield>
          <datafield tag="952" ind1="-" ind2="1">
            <subfield code="g">Förbundsrepubliken Tyskland</subfield>
            <subfield code="h">Deutschland, Bundesrepublik</subfield>
          </datafield>
          <datafield tag="952" ind1="-" ind2="1">
            <subfield code="g">Förbundsrepublikken Tyskland</subfield>
            <subfield code="h">Deutschland, Bundesrepublik</subfield>
          </datafield>
          <datafield tag="952" ind1="-" ind2="1">
            <subfield code="g">FRG</subfield>
          </datafield>
          <datafield tag="952" ind1="-" ind2="1">
            <subfield code="g">Germany</subfield>
            <subfield code="h">Deutschland, Bundesrepublik</subfield>
          </datafield>
          <datafield tag="952" ind1="-" ind2="1">
            <subfield code="g">Németországi Szövetségi Kőztársaság</subfield>
            <subfield code="h">Deutschland, Bundesrepublik</subfield>
          </datafield>
          <datafield tag="952" ind1="-" ind2="1">
            <subfield code="g">Niemiecka Republika Federalna Niemiecka Republika Federalna</subfield>
          </datafield>
          <datafield tag="952" ind1="-" ind2="1">
            <subfield code="g">NRF</subfield>
          </datafield>
          <datafield tag="952" ind1="-" ind2="1">
            <subfield code="g">Repubblica Federale di Germania</subfield>
            <subfield code="h">Deutschland, Bundesrepublik</subfield>
          </datafield>
          <datafield tag="952" ind1="-" ind2="1">
            <subfield code="g">Republic of Germany</subfield>
            <subfield code="h">Deutschland, Bundesrepublik</subfield>
          </datafield>
          <datafield tag="952" ind1="-" ind2="1">
            <subfield code="g">República Federal da Alemanha</subfield>
            <subfield code="h">Deutschland, Bundesrepublik</subfield>
          </datafield>
          <datafield tag="952" ind1="-" ind2="1">
            <subfield code="g">República Federal de Alemania</subfield>
            <subfield code="h">Deutschland, Bundesrepublik</subfield>
          </datafield>
          <datafield tag="952" ind1="-" ind2="1">
            <subfield code="g">Republik Federasi Djerman</subfield>
            <subfield code="h">Deutschland, Bundesrepublik</subfield>
          </datafield>
          <datafield tag="952" ind1="-" ind2="1">
            <subfield code="g">Republika Federalna Niemiec</subfield>
            <subfield code="h">Deutschland, Bundesrepublik</subfield>
          </datafield>
          <datafield tag="952" ind1="-" ind2="1">
            <subfield code="g">République Fédérale d'Allemagne</subfield>
            <subfield code="h">Deutschland, Bundesrepublik</subfield>
          </datafield>
          <datafield tag="952" ind1="-" ind2="1">
            <subfield code="g">RFN</subfield>
          </datafield>
          <datafield tag="952" ind1="-" ind2="1">
            <subfield code="g">Saksan Liittotasavalta</subfield>
            <subfield code="h">Deutschland, Bundesrepublik</subfield>
          </datafield>
          <datafield tag="952" ind1="-" ind2="1">
            <subfield code="g">Westdeutschland</subfield>
            <subfield code="h">Bundesrepublik, 1949-1990</subfield>
          </datafield>
          <datafield tag="952" ind1="-" ind2="1">
            <subfield code="s">Touristik</subfield>
            <subfield code="h">Fremdenverkehr</subfield>
          </datafield>
          <datafield tag="952" ind1="-" ind2="1">
            <subfield code="s">Fremdenverkehr</subfield>
          </datafield>
          <datafield tag="952" ind1="-" ind2="1">
            <subfield code="s">Anschrift</subfield>
            <subfield code="x">Verzeichnis</subfield>
          </datafield>
          <datafield tag="952" ind1="-" ind2="1">
            <subfield code="s">Einwohnerbuch</subfield>
          </datafield>
          <datafield tag="952" ind1="-" ind2="1">
            <subfield code="s">Adressverzeichnis</subfield>
          </datafield>
          <datafield tag="952" ind1="-" ind2="1">
            <subfield code="s">Adressenverzeichnis</subfield>
          </datafield>
          <datafield tag="952" ind1="-" ind2="1">
            <subfield code="s">Adressbücher</subfield>
          </datafield>
          <datafield tag="088" ind1=" " ind2=" ">
            <subfield code="a">121</subfield>
            <subfield code="c">Z 1703</subfield>
            <subfield code="d">21.1967; 25.1975; 34.1984</subfield>
          </datafield>
          <datafield tag="088" ind1=" " ind2=" ">
            <subfield code="a">38</subfield>
            <subfield code="c">EkFOL577</subfield>
            <subfield code="d">20.1966; 22.1969; 32.1982</subfield>
          </datafield>
          <datafield tag="088" ind1=" " ind2=" ">
            <subfield code="a">107</subfield>
            <subfield code="c">Per. 5502</subfield>
            <subfield code="d">26.1976 ; 28.1978 - 34.1984</subfield>
          </datafield>
          <datafield tag="088" ind1=" " ind2=" ">
            <subfield code="a">6/139a</subfield>
            <subfield code="c">Fr 88</subfield>
            <subfield code="d">33.1983</subfield>
          </datafield>
          <datafield tag="088" ind1=" " ind2=" ">
            <subfield code="a">51</subfield>
            <subfield code="c">K 3902(2)</subfield>
            <subfield code="d">24.1973</subfield>
          </datafield>
          <datafield tag="200" ind1=" " ind2="9">
            <subfield code="0">1</subfield>
            <subfield code="b">21.1967; 25.1975; 34.1984</subfield>
            <subfield code="f">Z 1703</subfield>
            <subfield code="2">T0010</subfield>
          </datafield>
          <datafield tag="200" ind1=" " ind2="9">
            <subfield code="0">1</subfield>
            <subfield code="b">20.1966; 22.1969; 32.1982</subfield>
            <subfield code="f">EkFOL577</subfield>
            <subfield code="2">K0001</subfield>
          </datafield>
          <datafield tag="200" ind1=" " ind2="9">
            <subfield code="0">1</subfield>
            <subfield code="b">26.1976 ; 28.1978 - 34.1984</subfield>
            <subfield code="f">Per. 5502</subfield>
            <subfield code="2">R0003</subfield>
          </datafield>
          <datafield tag="200" ind1=" " ind2="9">
            <subfield code="0">1</subfield>
            <subfield code="b">33.1983</subfield>
            <subfield code="f">Fr 88</subfield>
            <subfield code="2">M1220</subfield>
          </datafield>
          <datafield tag="200" ind1=" " ind2="9">
            <subfield code="0">1</subfield>
            <subfield code="b">24.1973</subfield>
            <subfield code="f">K 3902(2)</subfield>
            <subfield code="2">L0001</subfield>
          </datafield>
        </record>
      </metadata>
    </record>
  </ListRecords>
</OAI-PMH>
